@misc{rinasim,
    author       = "RINASim",
    title        = "{RINASim} webpage",
    howpublished = "\url{https://rinasim.omnetpp.org/}",
}

@incollection{irati,
    author	= "IRATI",
    title	= "{RINA}: {I}nvestigating {RINA} as an {A}lternative to {TCP/IP}",
    booktitle= "Building the {F}uture {I}nternet through FIRE",
    publisher= "River Publishers",
    chapter= "16",
    pages	= "492-519",
    year	= "2017",
}

@article{assessing-security,
    author = {Boddapati, Gowtham and Day, John and Matta, Ibrahim},
    year = {2009},
    month = {07},
    title = {Assessing the Security of a Clean-Slate Internet Architecture},
    doi = {10.1109/ICNP.2012.6459947}
}

@article{delta-t,
    author = {{Watson, Richard W.}},
    title = {{Assessing the Security of a Clean-Slate Internet Architecture}},
    journal = {{Computer Networks}},
    publisher = {{North-Holland Publishing Company}},
    volume = "5",
    pages = "47-56",
    year = "1981",
    doi = "10.1016/0376-5075(81)90031-3"
}

@misc{wiki,
    author = "Wikipedia",
    title = "Recursive Internetwork Architecture",
    howpublished = "\url{https://en.wikipedia.org/wiki/Recursive_Internetwork_Architecture}"
}

@misc{PINS,
    title = {Patterns in network security: an analysis of architectural complexity in securing recursive inter-network architecture networks},
    author = {Small,, Jeremiah},
    year = {2012},
    URL = {https://open.bu.edu/handle/2144/17155},
    publisher = {OpenBU}
}
